%% start of file `publications.bib'.
%% Copyright 2006-2012 Xavier Danaux (xdanaux at gmail.com).
%
% This work may be distributed and/or modified under the
% conditions of the LaTeX Project Public License version 1.3c,
% available at http://www.latex-project.org/lppl/.

@inproceedings{moradi2019IOT,
	title={Extracting Effective Features for Descriptive Analysis of Household Energy Consumption using Smart Home Data},
	author={Moradi, Hadise and Omidvar Tehrani, Soroush and Behkamal, Behshid and Amintoosi, Haleh},
	booktitle={TopHPC 2019 Congress},
	year={2019}
}

@inproceedings{omidvar2018fumbot,
	title={FUMBOT: Design, Implementation and Detectoin},
	author={Omidvar Tehrani, Soroush and Amintoosi, Haleh},
	booktitle={OIC-CERT 9TH GENERAL MEETING AND ANNUAL CONFERENCE 2018},
	year={2018}
}

@inproceedings{omidvar2019IOT,
	title={Analysis of electricity consumption in smart homes using time hierarchy},
	author={Omidvar Tehrani, Soroush and Moradi, Hadise and Behkamal, Behshid and Amintoosi, Haleh},
	booktitle={3rd International Conference on Internet of Things and Applications},
	year={2019}
}





%% end of file `publications.bib'.
